@article{roweis2004neighbourhood,
  title={Neighbourhood component analysis},
  author={Roweis, Sam and Hinton, Geoffrey and Salakhutdinov, Ruslan},
  journal={Adv. Neural Inf. Process. Syst.(NIPS)},
  volume={17},
  pages={513--520},
  year={2004}
}
@misc{黄宜华2014深入理解大数据,
  title={深入理解大数据: 大数据处理与编程实践},
  author={黄宜华 and 苗凯翔},
  year={2014},
  publisher={北京: 机械工业出版社}
}
@book{周志华2016机器学习,
  title={机器学习},
  author={周志华},
  year={2016},
  publisher={Qing hua da xue chu ban she}
}
